<record><leader>00000cas a22000007a 4500</leader><controlfield tag="001">13020338</controlfield><controlfield tag="008">860114d18691870tnudr ne      0    0eng  </controlfield><controlfield tag="009">466</controlfield><datafield ind1=" " ind2=" " tag="010"><subfield code="a">sn 86071013 </subfield></datafield><datafield ind1=" " ind2=" " tag="040"><subfield code="a">DLC</subfield><subfield code="b">eng</subfield><subfield code="c">DLC</subfield><subfield code="d">NPX</subfield><subfield code="d">MGN</subfield><subfield code="d">TGN</subfield><subfield code="d">OCLCO</subfield><subfield code="d">OCLCF</subfield></datafield><datafield ind1="1" ind2=" " tag="029"><subfield code="a">AU@</subfield><subfield code="b">000025830566</subfield></datafield><datafield ind1=" " ind2=" " tag="042"><subfield code="a">msc</subfield></datafield><datafield ind1="0" ind2="0" tag="050"><subfield code="a">Newspaper 9793-X</subfield></datafield><datafield ind1="0" ind2="4" tag="245"><subfield code="a">The Knoxville daily Whig.</subfield></datafield><datafield ind1="0" ind2="3" tag="246"><subfield code="a">Knoxville Whig</subfield></datafield><datafield ind1="1" ind2="3" tag="246"><subfield code="a">Daily Whig</subfield></datafield><datafield ind1="1" ind2=" " tag="246"><subfield code="i">Issues for Feb. 20 and July 10, 1870 have title:</subfield><subfield code="a">Knoxville Sunday Whig</subfield></datafield><datafield ind1=" " ind2=" " tag="260"><subfield code="a">Knoxville, Tenn. :</subfield><subfield code="b">Jos. A. Mabry &amp; Co.,</subfield><subfield code="c">1869-</subfield></datafield><datafield ind1=" " ind2=" " tag="300"><subfield code="a">v. :</subfield><subfield code="b">ill. (chiefly advertisements) ;</subfield><subfield code="c">60 cm.</subfield></datafield><datafield ind1=" " ind2=" " tag="310"><subfield code="a">Daily (except Mon.)</subfield></datafield><datafield ind1="0" ind2=" " tag="362"><subfield code="a">Vol. 1, no. 214 (Oct. 12, 1869)-</subfield></datafield><datafield ind1="1" ind2=" " tag="362"><subfield code="a">Ceased in 1870.</subfield></datafield><datafield ind1=" " ind2=" " tag="500"><subfield code="a">Editor: C.W. Charlton, 1869-1870.</subfield></datafield><datafield ind1=" " ind2="0" tag="651"><subfield code="a">Knoxville (Tenn.)</subfield><subfield code="v">Newspapers.</subfield></datafield><datafield ind1=" " ind2="0" tag="651"><subfield code="a">Knox County (Tenn.)</subfield><subfield code="v">Newspapers.</subfield></datafield><datafield ind1=" " ind2="7" tag="655"><subfield code="a">Newspapers.</subfield><subfield code="2">fast</subfield><subfield code="0">(OCoLC)fst01423814</subfield></datafield><datafield ind1=" " ind2="7" tag="651"><subfield code="a">Tennessee</subfield><subfield code="z">Knox County.</subfield><subfield code="2">fast</subfield><subfield code="0">(OCoLC)fst01215247</subfield></datafield><datafield ind1=" " ind2="7" tag="651"><subfield code="a">Tennessee</subfield><subfield code="z">Knoxville.</subfield><subfield code="2">fast</subfield><subfield code="0">(OCoLC)fst01206442</subfield></datafield><datafield ind1=" " ind2=" " tag="752"><subfield code="a">United States</subfield><subfield code="b">Tennessee</subfield><subfield code="c">Knox</subfield><subfield code="d">Knoxville.</subfield></datafield><datafield ind1="0" ind2=" " tag="775"><subfield code="t">Knoxville weekly Whig</subfield><subfield code="w">(DLC)sn 83045631</subfield></datafield><datafield ind1="0" ind2="0" tag="780"><subfield code="t">Knoxville Whig</subfield><subfield code="w">(DLC)sn 86071020</subfield></datafield><datafield ind1="0" ind2="0" tag="785"><subfield code="t">Knoxville daily whig and register</subfield><subfield code="w">(DLC)sn 86071011</subfield></datafield></record>